@article{Bishop1975,
author = {Bishop, Richard L.},
file = {:Users/lionel/Documents/2 - pro/00 - ressources/00 - Mendeley/1975 - There is more than one way to frame a curve - Bishop.pdf:pdf},
journal = {Mathematical Association of America},
title = {{There is more than one way to frame a curve}},
year = {1975}
}
